@misc{tdp2019Eindhoven,
  title={Tech United Eindhoven @Home 2019 Team Description Paper},
  author={Van Der Burgh, M. and Lunenburg, J. and van Beek, L. and Geijsberts, J. and Janssen, L. and Aleksandrov, S. and Dang, K. and van Rooy H. and Hofkamp, A. and van Dinther, D. and Aggarwal, A. and van de Molengraft, M. },
  year={2019},
  howpublished={https://github.com/RoboCupAtHome/AtHomeCommunityWiki/wiki/\\files/tdp/2019-dspl-techunited\_eindhoven.pdf}
}

@misc{tdp2019Homer,
  title={RoboCup 2019 - homer@UniKoblenz},
  author={Memmesheimer, R. and Mykhalchyshyna, I. and Wettengel, N. and Evers, T. and Buchhold, L. and Schmidt, P. and Schmidt, N. and Germann, I. and Mints, M. and Rettler, G. and Korbach, C. and Bartsch, R. and Kuhlmann, I. and Weiland, T. and Paulus, D.},
  year={2019},
  howpublished={https://github.com/RoboCupAtHome/AtHomeCommunityWiki/wiki/\\files/tdp/2019-opl-homeratunikoblenz.pdf}
}

@misc{tdp2019UTS,
  title={UTS Unleashed! 2019 RoboCup@Home Social SPL},
  author={Williams, M. and Johnston, B. and Pfeiffer, S. and Vitale, J. and Clark, J. and Kang, L. and Ebrahimian, D. and Leong, S. and Billingsley, R. and Tonkin, M. and Herse, S. and Alam, S. and Gudi, S. and Ojha, S.},
  year={2019},
  howpublished={https://github.com/RoboCupAtHome/AtHomeCommunityWiki/wiki/\\files/tdp/2019-sspl-uts\_unleashed\_.pdf}
}

@book{alwi2011fault,
  title={Fault detection and fault-tolerant control using sliding modes},
  author={Alwi, Halim and Edwards, Christopher and Tan, Chee Pin},
  year={2011},
  publisher={Springer Science \& Business Media}
}

@book{ding2013model,
  title={Model-based fault diagnosis techniques: design schemes, algorithms, and tools},
  author={Ding, Steven X},
  year={2013},
  publisher={Springer Science \& Business Media}
}

@book{shtessel2014sliding,
  title={Sliding mode control and observation},
  author={Shtessel, Yuri and Edwards, Christopher and Fridman, Leonid and Levant, Arie},
  year={2014},
  publisher={Springer}
}

@article{davila2005second,
  title={Second-order sliding-mode observer for mechanical systems},
  author={Davila, Jorge and Fridman, Leonid and Levant, Arie},
  journal={IEEE transactions on automatic control},
  volume={50},
  number={11},
  pages={1785--1789},
  year={2005},
  publisher={IEEE}
}

@article{fridman2002higher,
  title={Higher order sliding modes},
  author={Fridman, Leonid and Levant, Arie and others},
  journal={Sliding mode control in engineering},
  volume={11},
  pages={53--102},
  year={2002},
  publisher={Marcel Dekker New York}
}

@incollection{savage2008virbot,
  title={VIRbot: a system for the operation of mobile robots},
  author={Savage, Jesus and LLarena, Adalberto and Carrera, Gerardo and Cuellar, Sergio and Esparza, David and Minami, Yukihiro and Pe{\~n}uelas, Ulises},
  booktitle={RoboCup 2007: Robot Soccer World Cup XI},
  pages={512--519},
  year={2008},
  publisher={Springer}
}

@inproceedings{wachsmuth2015robocup,
  title={RoboCup@ Home-Benchmarking Domestic Service Robots.},
  author={Wachsmuth, Sven and Holz, Dirk and Rudinac, Maja and Ruiz-del-Solar, Javier},
  booktitle={AAAI},
  pages={4328--4329},
  year={2015}
}

@misc{matlab_designing,
  title={Designing Robot Manipulator Algorithms (https://github.com/mathworks-robotics/designing-robot-manipulator-algorithms)},
  author={MathWorks-Students-Competitions-Team},
  year={2020},
  howpublished={GitHub. Retrieved April 6, 2020.}
}

@misc{matlab_trajectory,
  title={Trajectory Planning for Robot Manipulators (https://github.com/mathworks-robotics/trajectory-planning-robot-manipulators)},
  author={MathWorks-Students-Competitions-Team},
  year={2020},
  howpublished={GitHub. Retrieved April 6, 2020.}
}