@inproceedings{abadi2016tensorflow,
  title={Tensorflow: A system for large-scale machine learning},
  author={Abadi, Mart{\'\i}n and Barham, Paul and Chen, Jianmin and Chen, Zhifeng and Davis, Andy and Dean, Jeffrey and Devin, Matthieu and Ghemawat, Sanjay and Irving, Geoffrey and Isard, Michael and others},
  booktitle={12th USENIX symposium on operating systems design and implementation},
  pages={265--283},
  year={2016}
}

@article{abid2020review,
  title={A review on fault detection and diagnosis techniques: basics and beyond},
  author={Abid, Anam and Khan, Muhammad Tahir and Iqbal, Javaid},
  journal={Artificial Intelligence Review},
  pages={1--26},
  year={2020},
  publisher={Springer}
}

@book{alwi2011fault,
  title={Fault detection and fault-tolerant control using sliding modes},
  author={Alwi, Halim and Edwards, Christopher and Tan, Chee Pin},
  year={2011},
  publisher={Springer Science \& Business Media}
}

@article{billard_trends_2019,
	title = {Trends and challenges in robot manipulation},
	volume = {364},
	issn = {0036-8075, 1095-9203},
	url = {https://www.sciencemag.org/lookup/doi/10.1126/science.aat8414},
	doi = {10.1126/science.aat8414},
	pages = {eaat8414},
	number = {6446},
	journal = {Science},
	author = {Billard, Aude and Kragic, Danica},
	year = {2019},
	keywords = {manipulation, hands},
}

@article{bohg2013data,
  title={Data-driven grasp synthesis—a survey},
  author={Bohg, Jeannette and Morales, Antonio and Asfour, Tamim and Kragic, Danica},
  journal={IEEE Transactions on Robotics},
  volume={30},
  number={2},
  pages={289--309},
  year={2013},
  publisher={IEEE}
}

@article{capisani2012manipulator,
  title={Manipulator fault diagnosis via higher order sliding-mode observers},
  author={Capisani, Luca Massimiliano and Ferrara, Antonella and De Loza, Alejandra Ferreira and Fridman, Leonid M},
  journal={IEEE Transactions on industrial electronics},
  volume={59},
  number={10},
  pages={3979--3986},
  year={2012},
  publisher={IEEE}
}

@inproceedings{cordoneanu2018review,
  title={A Review of Fault Diagnosis in Mechatronics Systems},
  author={Cordoneanu, Daniel and Ni{\c{t}}u, Constantin},
  booktitle={International Conference of Mechatronics and Cyber-Mixmechatronics},
  pages={173--184},
  year={2018},
  organization={Springer}
}

@article{davila2006observation,
  title={Observation and identification of mechanical systems via second order sliding modes},
  author={Davila, Jorge and Fridman, Leonid and Poznyak, Alexander},
  journal={International Journal of Control},
  volume={79},
  number={10},
  pages={1251--1262},
  year={2006},
  publisher={Taylor \& Francis}
}

@inproceedings{di2017real,
  title={A real-time reconfigurable collision avoidance system for robot manipulation},
  author={Di Castro, Mario and Mulero, David Blanco and Ferre, Manuel and Masi, Alessandro},
  booktitle={Proceedings of the 3rd International Conference on Mechatronics and Robotics Engineering},
  pages={6--10},
  year={2017}
}

@book{ding2013model,
  title={Model-based fault diagnosis techniques: design schemes, algorithms, and tools},
  author={Ding, Steven X},
  year={2013},
  publisher={Springer Science \& Business Media}
}

@inproceedings{ekvall_integrating_2006,
	location = {Beijing, China},
	title = {Integrating Active Mobile Robot Object Recognition and {SLAM} in Natural Environments},
	doi = {10.1109/IROS.2006.282389},
	pages = {5792--5797},
	booktitle = {2006 IEEE/RSJ International Conference on Intelligent Robots and Systems},
	publisher = {{IEEE}},
	author = {Ekvall, Staffan and Jensfelt, Patric and Kragic, Danica},
	urldate = {2020-10-29},
	year = {2006},
}


@book{engelberger_robotics_1989,
	location = {Cambridge, Mass.},
	title = {Robotics in service},
	isbn = {978-0-262-05042-5 978-94-010-6985-4},
	publisher = {{MIT} Press},
	author = {Engelberger, Joseph F},
	year = {1989},
	note = {{OCLC}: 19724093}
}

@incollection{ferrara2020sliding,
  title={Sliding mode fault diagnosis with vision in the loop for robot manipulators},
  author={Ferrara, Antonella and Incremona, Gian Paolo and Sangiovanni, Bianca},
  booktitle={New Trends in Robot Control},
  pages={81--105},
  year={2020},
  publisher={Springer}
}

@article{hamidreza2020state,
  title={The State of Lifelong Learning in Service Robots: Current Bottlenecks in Object Perception and Manipulation},
  author={Hamidreza Kasaei, S and Melsen, Jorik and van Beers, Floris and Steenkist, Christiaan and Voncina, Klemen},
  journal={arXiv e-prints},
  pages={arXiv--2003},
  year={2020}
}

@article{han2017assumed,
  title={Assumed model feedforward sliding mode control for a wheeled mobile robot with 3-DOF manipulator systems},
  author={Han, Seongik and Ha, Hyunuk and Zhao, Yudong and Lee, Jangmyung},
  journal={Journal of Mechanical Science and Technology},
  volume={31},
  number={3},
  pages={1463--1475},
  year={2017},
  publisher={Springer}
}

@incollection{homerunikoblenz_2019,
	location = {Cham},
	title = {homer@{UniKoblenz}: Winning Team of the {RoboCup}@Home Open Platform League 2018},
	volume = {11374},
	isbn = {978-3-030-27543-3 978-3-030-27544-0},
	url = {http://link.springer.com/10.1007/978-3-030-27544-0_42},
	shorttitle = {homer@{UniKoblenz}},
	pages = {512--523},
	booktitle = {{RoboCup} 2018: Robot World Cup {XXII}},
	publisher = {Springer International Publishing},
	author = {Memmesheimer, Raphael and Mykhalchyshyna, Ivanna and Seib, Viktor and Evers, Tobias and Paulus, Dietrich},
	editor = {Holz, Dirk and Genter, Katie and Saad, Maarouf and von Stryk, Oskar},
	urldate = {2020-11-07},
	year = {2019},
	langid = {english},
	doi = {10.1007/978-3-030-27544-0_42},
	note = {Series Title: Lecture Notes in Computer Science},
	keywords = {manipulation, service robots}
}

@inproceedings{huang2020real,
  title={Real-time Obstacle Avoidance in Robotic Manipulation Using Imitation Learning},
  author={Huang, Jie and Ge, Wei and Cheng, Hualong and Xi, Chun and Zhu, Jun and Zhang, Fei and Shang, Weiwei},
  booktitle={2020 16th International Conference on Control, Automation, Robotics and Vision (ICARCV)},
  pages={976--981},
  year={2020},
  organization={IEEE}
}

@incollection{hutchison_robocuphome_2010,
	location = {Berlin, Heidelberg},
	title = {{RoboCup}@Home: Results in Benchmarking Domestic Service Robots},
	volume = {5949},
	isbn = {978-3-642-11875-3 978-3-642-11876-0},
	url = {http://link.springer.com/10.1007/978-3-642-11876-0_34},
	shorttitle = {{RoboCup}@Home},
	pages = {390--401},
	booktitle = {{RoboCup} 2009: Robot Soccer World Cup {XIII}},
	publisher = {Springer Berlin Heidelberg},
	author = {Wisspeintner, Thomas and van der Zan, Tijn and Iocchi, Luca and Schiffer, Stefan},
	editor = {Baltes, Jacky and Lagoudakis, Michail G. and Naruse, Tadashi and Ghidary, Saeed Shiry},
	urldate = {2020-11-07},
	year = {2010},
	doi = {10.1007/978-3-642-11876-0_34}
}

@inproceedings{jae-han_park_new_2007,
	location = {Seoul, South Korea},
	title = {A new object recognition system for service robots in the smart environment},
	url = {http://ieeexplore.ieee.org/document/4407060/},
	doi = {10.1109/ICCAS.2007.4407060},
	pages = {1083--1087},
	booktitle = {2007 International Conference on Control, Automation and Systems},
	publisher = {{IEEE}},
	author = {{Jae-Han Park} and {Seung-Ho Baeg} and {Jaehan Koh} and {Kyung-Wook Park} and {Moon-Hong Baeg}},
	urldate = {2020-10-29},
	year = {2007}
}

@article{jin2018robot,
  title={Robot manipulator control using neural networks: A survey},
  author={Jin, Long and Li, Shuai and Yu, Jiguo and He, Jinbo},
  journal={Neurocomputing},
  volume={285},
  pages={23--34},
  year={2018},
  publisher={Elsevier}
}

@article{jin2021robust,
  title={A robust zeroing neural network for solving dynamic nonlinear equations and its application to kinematic control of mobile manipulator},
  author={Jin, Jie},
  journal={Complex \& Intelligent Systems},
  volume={7},
  number={1},
  pages={87--99},
  year={2021},
  publisher={Springer}
}

@article{khan2020tracking,
  title={Tracking control of redundant mobile manipulator: An rnn based metaheuristic approach},
  author={Khan, Ameer Hamza and Li, Shuai and Chen, Dechao and Liao, Liefa},
  journal={Neurocomputing},
  volume={400},
  pages={272--284},
  year={2020},
  publisher={Elsevier}
}

@article{lee2017adaptive,
  title={Adaptive integral sliding mode control with time-delay estimation for robot manipulators},
  author={Lee, Junyoung and Chang, Pyung Hun and Jin, Maolin},
  journal={IEEE Transactions on Industrial Electronics},
  volume={64},
  number={8},
  pages={6796--6804},
  year={2017},
  publisher={IEEE}
}

@article{loncomilla_object_2016,
	title = {Object recognition using local invariant features for robotic applications: A survey},
	volume = {60},
	issn = {00313203},
	url = {https://linkinghub.elsevier.com/retrieve/pii/S0031320316301054},
	doi = {10.1016/j.patcog.2016.05.021},
	pages = {499--514},
	author = {Loncomilla, Patricio and Ruiz-del-Solar, Javier and Martínez, Luz},
	urldate = {2021-01-14},
	year = {2016},
        journal={Pattern Recognition}
}

@misc{matlab_designing,
  title={Designing Robot Manipulator Algorithms (https://github.com/mathworks-robotics/designing-robot-manipulator-algorithms)},
  author={MathWorks-Students-Competitions-Team},
  year={2020},
  howpublished={GitHub. Retrieved April 6, 2020.}
}

@misc{matlab_trajectory,
  title={Trajectory Planning for Robot Manipulators (https://github.com/mathworks-robotics/trajectory-planning-robot-manipulators)},
  author={MathWorks-Students-Competitions-Team},
  year={2020},
  howpublished={GitHub. Retrieved April 6, 2020.}
}

@article{mirrazavi2018unified,
  title={A unified framework for coordinated multi-arm motion planning},
  author={Mirrazavi Salehian, Seyed Sina and Figueroa, Nadia and Billard, Aude},
  journal={The International Journal of Robotics Research},
  volume={37},
  number={10},
  pages={1205--1232},
  year={2018},
  publisher={SAGE Publications Sage UK: London, England}
}

@inproceedings{nguyen_review_2019,
	location = {Naples, Italy},
	title = {Review of Deep Reinforcement Learning for Robot Manipulation},
	isbn = {978-1-5386-9245-5},
	url = {https://ieeexplore.ieee.org/document/8675643/},
	doi = {10.1109/IRC.2019.00120},
	pages = {590--595},
	booktitle = {2019 Third IEEE International Conference on Robotic Computing (IRC)},
	publisher = {{IEEE}},
	author = {Nguyen, Hai and La, Hung},
	year = {2019}
}

@inproceedings{nikou2017nonlinear,
  title={A nonlinear model predictive control scheme for cooperative manipulation with singularity and collision avoidance},
  author={Nikou, Alexandres and Verginis, Christos and Heshmati-Alamdari, Shahab and Dimarogonas, Dimos V},
  booktitle={2017 25th Mediterranean Conference on Control and Automation (MED)},
  pages={707--712},
  year={2017},
  organization={IEEE}
}

@incollection{omali2019nonlinear,
  title={Nonlinear Observer-Based Fault Detection and Isolation for a Manipulator Robot},
  author={Omali, Khaoula Oulidi and Kabbaj, M Nabil and Benbrahim, Mohammed},
  booktitle={New Developments and Advances in Robot Control},
  pages={163--185},
  year={2019},
  publisher={Springer}
}

@inproceedings{rakita2018relaxedik,
  title={RelaxedIK: Real-time Synthesis of Accurate and Feasible Robot Arm Motion.},
  author={Rakita, Daniel and Mutlu, Bilge and Gleicher, Michael},
  booktitle={Robotics: Science and Systems},
  pages={26--30},
  year={2018},
  organization={Pittsburgh, PA}
}

@inproceedings{redmon2016you,
  title={You only look once: Unified, real-time object detection},
  author={Redmon, Joseph and Divvala, Santosh and Girshick, Ross and Farhadi, Ali},
  booktitle={Proceedings of the IEEE conference on computer vision and pattern recognition},
  pages={779--788},
  year={2016}
}

@article{ruiz-del-solar_bender_2013,
	title = {Bender – A General-Purpose Social Robot with Human-Robot Interaction Abilities},
	volume = {1},
	issn = {2163-0364},
	url = {http://dl.acm.org/citation.cfm?id=3109692},
	doi = {10.5898/JHRI.1.2.Ruiz-del-Solar},
	pages = {54--75},
	number = {2},
	journal = {Journal of Human-Robot Interaction},
	author = {Ruiz-del-Solar, Javier and Correa, Mauricio and Verschae, Rodrigo and Bernuy, Fernando and Loncomilla, Patricio and Mascaró, Mauricio and Riquelme, Romina and Smith, Felipe},
	urldate = {2021-01-14},
	date = {2013-01-28},
	year = {2013}
}

@article{sahbani2012overview,
  title={An overview of 3D object grasp synthesis algorithms},
  author={Sahbani, Anis and El-Khoury, Sahar and Bidaud, Philippe},
  journal={Robotics and Autonomous Systems},
  volume={60},
  number={3},
  pages={326--336},
  year={2012},
  publisher={Elsevier}
}

@incollection{savage2008virbot,
  title={VIRbot: a system for the operation of mobile robots},
  author={Savage, Jesus and LLarena, Adalberto and Carrera, Gerardo and Cuellar, Sergio and Esparza, David and Minami, Yukihiro and Pe{\~n}uelas, Ulises},
  booktitle={RoboCup 2007: Robot Soccer World Cup XI},
  pages={512--519},
  year={2008},
  publisher={Springer}
}

@article{seo2018dual,
  title={Dual closed-loop sliding mode control for a decoupled three-link wheeled mobile manipulator},
  author={Seo, In Seok and Han, Seong Ik},
  journal={ISA transactions},
  volume={80},
  pages={322--335},
  year={2018},
  publisher={Elsevier}
}

@book{shtessel2014sliding,
  title={Sliding mode control and observation},
  author={Shtessel, Yuri and Edwards, Christopher and Fridman, Leonid and Levant, Arie},
  year={2014},
  publisher={Springer}
}

@inproceedings{steinbauer2012survey,
  title={A survey about faults of robots used in robocup},
  author={Steinbauer, Gerald},
  booktitle={Robot Soccer World Cup},
  pages={344--355},
  year={2012},
  organization={Springer}
}

@article{stuckler_mobile_2016,
	title = {Mobile Manipulation, Tool Use, and Intuitive Interaction for Cognitive Service Robot Cosero},
	volume = {3},
	issn = {2296-9144},
	url = {http://journal.frontiersin.org/article/10.3389/frobt.2016.00058/full},
	doi = {10.3389/frobt.2016.00058},
	journal = {Frontiers in Robotics and {AI}},
	shortjournal = {Front. Robot. {AI}},
	author = {Stückler, Jörg and Schwarz, Max and Behnke, Sven},
	urldate = {2021-01-14},
	year = {2016},
}

@inproceedings{sun2017protective,
  title={Protective control for robot manipulator by sliding mode based disturbance reconstruction approach},
  author={Sun, Yiyong and Zhang, Zengjie and Leibold, Marion and Hayat, Rameez and Wollherr, Dirk and Buss, Martin},
  booktitle={2017 IEEE International Conference on Advanced Intelligent Mechatronics (AIM)},
  pages={1015--1022},
  year={2017},
  organization={IEEE}
}

@misc{tech_united_tdp2020,
	title={Tech United Eindhoven @Home2020 Team Description Paper},
	author={van der Burgh, M.F.B.  and Lunenburg, J.J.M. and Appeldoorn, R.P.W. and  van Beek, L.L.A.M. and Geijsberts, J.  and  Janssen, L.G.L. and  van Dooren, P. and van Rooy, H.W.A.M. and Aggarwal, A.  and Aleksandrov, S.  and Dang, K.  and Hofkamp, A.T.  and van Dinther, D.  and van de Molengraft, M.J.G.},
 	year={2020},
	howpublished={https://www.techunited.nl/uploads/Tech\_United\_At\_Home\_TDP\_2020.pdf}
}

@misc{tobi_tdp2019,
	title={ToBI - Team of BielefeldA Human-Robot Interaction System forRoboCup@Home 2019},
	author={Wachsmuth, Sven and Lier, Florian and  Rügemer, Leroy and Meyer zuBorgsen, Sebastian},
	year={2019},
	howpublished={https://www.cit-ec.de/sites/default/files/files/tobi/robocupathome-sspl\_tobi\_tdp-2019.pdf}	
}

@inproceedings{varela2018modelling,
  title={Modelling and control of a mobile manipulator for trajectory tracking},
  author={Varela-Ald{\'a}s, Jos{\'e} and Andaluz, V{\'\i}ctor Hugo and Chicaiza, Fernando A},
  booktitle={2018 International Conference on Information Systems and Computer Science (INCISCOS)},
  pages={69--74},
  year={2018},
  organization={IEEE}
}

@inproceedings{wachsmuth2015robocup,
  title={RoboCup@ Home-Benchmarking Domestic Service Robots.},
  author={Wachsmuth, Sven and Holz, Dirk and Rudinac, Maja and Ruiz-del-Solar, Javier},
  booktitle={AAAI},
  pages={4328--4329},
  year={2015}
}

@article{wisspeintner_robocuphome_2009,
	title = {{RoboCup}@Home: Scientific Competition and Benchmarking for Domestic Service Robots},
	volume = {10},
	issn = {1572-0373, 1572-0381},
	url = {http://www.jbe-platform.com/content/journals/10.1075/is.10.3.06wis},
	doi = {10.1075/is.10.3.06wis},
	pages = {392--426},
	number = {3},
	journal = {Interaction Studies. Social Behaviour and Communication in Biological and Artificial Systems},
	shortjournal = {{IS}},
	author = {Wisspeintner, Thomas and Zant, Tijn van der and Iocchi, Luca and Schiffer, Stefan},
	urldate = {2020-10-29},
	date = {2009-12-16},
	year = {2009},
	langid = {english},
}

@article{yamada2020motion,
  title={Motion Planner Augmented Reinforcement Learning for Robot Manipulation in Obstructed Environments},
  author={Yamada, Jun and Lee, Youngwoon and Salhotra, Gautam and Pertsch, Karl and Pflueger, Max and Sukhatme, Gaurav S and Lim, Joseph J and Englert, Peter},
  journal={arXiv preprint arXiv:2010.11940},
  year={2020}
}

@inproceedings{zhang2020review,
  title={A Review on Fault-Tolerant Control for Robots},
  author={Zhang, Shuai and Li, Yueyang and Liu, Shuai and Shi, Xiaorui and Chai, Hui and Cui, Yigang},
  booktitle={2020 35th Youth Academic Annual Conference of Chinese Association of Automation (YAC)},
  pages={423--427},
  year={2020},
  organization={IEEE}
}
